@article{kutta1901beitrag,
  title={Beitrag zur n{\"a}herungweisen Integration totaler Differentialgleichungen},
  author={Kutta, Wilhelm},
  year={1901}
}