@techreport{Forum:1994:MMI:898758,
 author = {Forum, Message P},
 title = {MPI: A Message-Passing Interface Standard},
 year = {1994},
 source = {http://www.ncstrl.org:8900/ncstrl/servlet/search?formname=detail\&id=oai%3Ancstrlh%3Autk_cs%3Ancstrl.utk_cs%2F%2FUT-CS-94-230},
 publisher = {University of Tennessee},
 address = {Knoxville, TN, USA},
}