@article{PhysRevD.14.3432,
  title = {Computation of the quantum effects due to a four-dimensional pseudoparticle},
  author = {'t Hooft, G.},
  journal = {Phys. Rev. D},
  volume = {14},
  issue = {12},
  pages = {3432--3450},
  numpages = {0},
  year = {1976},
  month = {Dec},
  publisher = {American Physical Society},
  doi = {10.1103/PhysRevD.14.3432},
  url = {https://link.aps.org/doi/10.1103/PhysRevD.14.3432}
}
