@book{Rajaraman:1982is,
      author         = "Rajaraman, R.",
      title          = "{SOLITONS AND INSTANTONS. AN INTRODUCTION TO SOLITONS AND
                        INSTANTONS IN QUANTUM FIELD THEORY}",
      journal        = "Amsterdam, Netherlands: North-holland ( 1982) 409p",
      year           = "1982",
      SLACcitation   = "%%CITATION = INSPIRE-181162;%%"
}