@article{runge1895numerische,
  title={{\"U}ber die numerische Aufl{\"o}sung von Differentialgleichungen},
  author={Runge, Carl},
  journal={Mathematische Annalen},
  volume={46},
  number={2},
  pages={167--178},
  year={1895},
  publisher={Springer}
}