@article{tHooft:1976rip,
      author         = "'t Hooft, Gerard",
      title          = "{Symmetry Breaking Through Bell-Jackiw Anomalies}",
      journal        = "Phys. Rev. Lett.",
      volume         = "37",
      year           = "1976",
      pages          = "8-11",
      doi            = "10.1103/PhysRevLett.37.8",
      note           = "[,226(1976)]",
      reportNumber   = "PRINT-76-0254 (HARVARD)",
      SLACcitation   = "%%CITATION = PRLTA,37,8;%%"
}